03300000        2034199251000169340200000382367                         GEM IMOVEIS LTDA              BANCO SANTANDER                         124082023      002838040                                                                          
03300011R01  030 2034199251000169                    340200000382367     GEM IMOVEIS LTDA                                                                                              0000000024082023                                         
0330001300001P 013402913004985711300498571  0000000000019512  10571          0109202300000000120000000000 04N24082023300000000000000000000000000000000000000000000000000000000000000000000000000000                         000101500           
0330001300002Q 012002411885000147ACAZO SERVICOS DE LUTO LTDA             RUA XV DE NOVEMBRO  74                  CENTRO         28800000RIO BONITO     RJ0000000000000000                                        000000000000                   
0330001300003R 01000000000000000000000000                        201092023000000000001000                                                                                                                                                       
0330001300004S 011014APOS 7 DIAS DO VENCIMENTO SUJEITO A PROTESTO                                                                                                                                                                               
0330001300005S 011024AP?S O VENCIMENTO SER? COBRADO MULTA DE 10%                                                                                                                                                                                
0330001300006S 011034APOS O VENCIMENTO SOMENTE NA REDE BANCARIA                                                                                                                                                                                 
0330001300007S 011044NAO RECEBER 30 (TRINTA) DIAS APOS O VENCIMENTO                                                                                                                                                                             
0330001300008S 011054APOS  EXPIRADO O PRAZO DO BOLETO  SOMENTE NA IMOBILIARIA                                                                                                                                                                   
0330001300009P 013402913004985711300498571  0000000000027512  10176          1509202300000000079000000000 04N24082023300000000000000000000000000000000000000000000000000000000000000000000000000000                         000101500           
0330001300010Q 012002411885000147ACAZO SERVICOS DE LUTO LTDA ME          PRA?A FONSECA PORTELA  12               CENTRO         28800000RIO BONITO     RJ0000000000000000                                        000000000000                   
0330001300011R 01000000000000000000000000                        215092023000000000001000                                                                                                                                                       
0330001300012S 011014APOS 7 DIAS DO VENCIMENTO SUJEITO A PROTESTO                                                                                                                                                                               
0330001300013S 011024AP?S O VENCIMENTO SER? COBRADO MULTA DE 10%                                                                                                                                                                                
0330001300014S 011034APOS O VENCIMENTO SOMENTE NA REDE BANCARIA                                                                                                                                                                                 
0330001300015S 011044NAO RECEBER 30 (TRINTA) DIAS APOS O VENCIMENTO                                                                                                                                                                             
0330001300016S 011054APOS  EXPIRADO O PRAZO DO BOLETO  SOMENTE NA IMOBILIARIA                                                                                                                                                                   
0330001300017P 013402913004985711300498571  0000000000035512  10313          2809202300000000048100000000 04N24082023300000000000000000000000000000000000000000000000000000000000000000000000000000                         000101500           
0330001300018Q 011000001266124713ALVARO DONATO LOPES NUNES               RUA VEREADOR JOAQUIM DE CASTRO  01      CENTRO         28800000RIO BONITO     RJ0000000000000000                                        000000000000                   
0330001300019R 01000000000000000000000000                        228092023000000000001000                                                                                                                                                       
0330001300020S 011014APOS 7 DIAS DO VENCIMENTO SUJEITO A PROTESTO                                                                                                                                                                               
0330001300021S 011024AP?S O VENCIMENTO SER? COBRADO MULTA DE 10%                                                                                                                                                                                
0330001300022S 011034APOS O VENCIMENTO SOMENTE NA REDE BANCARIA                                                                                                                                                                                 
0330001300023S 011044NAO RECEBER 30 (TRINTA) DIAS APOS O VENCIMENTO                                                                                                                                                                             
0330001300024S 011054APOS  EXPIRADO O PRAZO DO BOLETO  SOMENTE NA IMOBILIARIA                                                                                                                                                                   
0330001300025P 013402913004985711300498571  0000000000043512  10363          1509202300000000041600000000 04N24082023300000000000000000000000000000000000000000000000000000000000000000000000000000                         000101500           
0330001300026Q 011000011537774794ALVARO MACHADO BRAZIL NUNES             RUA ANTENOR MARMO  471 APTO 501         CENTRO         28800000RIO BONITO     RJ0000000000000000                                        000000000000                   
0330001300027R 01000000000000000000000000                        215092023000000000001000                                                                                                                                                       
0330001300028S 011014APOS 7 DIAS DO VENCIMENTO SUJEITO A PROTESTO                                                                                                                                                                               
0330001300029S 011024AP?S O VENCIMENTO SER? COBRADO MULTA DE 10%                                                                                                                                                                                
0330001300030S 011034APOS O VENCIMENTO SOMENTE NA REDE BANCARIA                                                                                                                                                                                 
0330001300031S 011044NAO RECEBER 30 (TRINTA) DIAS APOS O VENCIMENTO                                                                                                                                                                             
0330001300032S 011054APOS  EXPIRADO O PRAZO DO BOLETO  SOMENTE NA IMOBILIARIA                                                                                                                                                                   
0330001300033P 013402913004985711300498571  0000000000051512  10628          0109202300000000008300000000 04N24082023300000000000000000000000000000000000000000000000000000000000000000000000000000                         000101500           
0330001300034Q 011000017162859763DAYRINI MONTEIRO DE OLIVEIRA            RUA DA CONCEI?  47 SALA 205             CENTRO         28800000RIO BONITO     RJ0000000000000000                                        000000000000                   
0330001300035R 01000000000000000000000000                        201092023000000000001000                                                                                                                                                       
0330001300036S 011014APOS 7 DIAS DO VENCIMENTO SUJEITO A PROTESTO                                                                                                                                                                               
0330001300037S 011024AP?S O VENCIMENTO SER? COBRADO MULTA DE 10%                                                                                                                                                                                
0330001300038S 011034APOS O VENCIMENTO SOMENTE NA REDE BANCARIA                                                                                                                                                                                 
0330001300039S 011044NAO RECEBER 30 (TRINTA) DIAS APOS O VENCIMENTO                                                                                                                                                                             
0330001300040S 011054APOS  EXPIRADO O PRAZO DO BOLETO  SOMENTE NA IMOBILIARIA                                                                                                                                                                   
0330001300041P 013402913004985711300498571  0000000000060512  10419          0509202300000000006250000000 04N24082023300000000000000000000000000000000000000000000000000000000000000000000000000000                         000101500           
0330001300042Q 011000001215343752ELISABETE CLASS LIMA                    RUA VEREADOR JOAQUIM DE CASTRO  39 APTO CENTRO         28800000RIO BONITO     RJ0000000000000000                                        000000000000                   
0330001300043R 01000000000000000000000000                        205092023000000000001000                                                                                                                                                       
0330001300044S 011014APOS 7 DIAS DO VENCIMENTO SUJEITO A PROTESTO                                                                                                                                                                               
0330001300045S 011024AP?S O VENCIMENTO SER? COBRADO MULTA DE 10%                                                                                                                                                                                
0330001300046S 011034APOS O VENCIMENTO SOMENTE NA REDE BANCARIA                                                                                                                                                                                 
0330001300047S 011044NAO RECEBER 30 (TRINTA) DIAS APOS O VENCIMENTO                                                                                                                                                                             
0330001300048S 011054APOS  EXPIRADO O PRAZO DO BOLETO  SOMENTE NA IMOBILIARIA                                                                                                                                                                   
0330001300049P 013402913004985711300498571  0000000000078512  10605          0509202300000000008500000000 04N24082023300000000000000000000000000000000000000000000000000000000000000000000000000000                         000101500           
0330001300050Q 011000001297496728MARCIO RAIMUNDO LOURENCO DA SILVA       RUA DUQUE DE CAXIAS  13 APTO 201        CENTRO         28800000RIO BONITO     RJ0000000000000000                                        000000000000                   
0330001300051R 01000000000000000000000000                        205092023000000000001000                                                                                                                                                       
0330001300052S 011014APOS 7 DIAS DO VENCIMENTO SUJEITO A PROTESTO                                                                                                                                                                               
0330001300053S 011024AP?S O VENCIMENTO SER? COBRADO MULTA DE 10%                                                                                                                                                                                
0330001300054S 011034APOS O VENCIMENTO SOMENTE NA REDE BANCARIA                                                                                                                                                                                 
0330001300055S 011044NAO RECEBER 30 (TRINTA) DIAS APOS O VENCIMENTO                                                                                                                                                                             
0330001300056S 011054APOS  EXPIRADO O PRAZO DO BOLETO  SOMENTE NA IMOBILIARIA                                                                                                                                                                   
0330001300057P 013402913004985711300498571  0000000000086512  10125          0509202300000000008550000000 04N24082023300000000000000000000000000000000000000000000000000000000000000000000000000000                         000101500           
0330001300058Q 011000054027110706MARIA ANGELA XAVIER                     RUA DUQUE DE CAXIAS  25 APTO 104        CENTRO         28800000RIO BONITO     RJ0000000000000000                                        000000000000                   
0330001300059R 01000000000000000000000000                        205092023000000000001000                                                                                                                                                       
0330001300060S 011014APOS 7 DIAS DO VENCIMENTO SUJEITO A PROTESTO                                                                                                                                                                               
0330001300061S 011024AP?S O VENCIMENTO SER? COBRADO MULTA DE 10%                                                                                                                                                                                
0330001300062S 011034APOS O VENCIMENTO SOMENTE NA REDE BANCARIA                                                                                                                                                                                 
0330001300063S 011044NAO RECEBER 30 (TRINTA) DIAS APOS O VENCIMENTO                                                                                                                                                                             
0330001300064S 011054APOS  EXPIRADO O PRAZO DO BOLETO  SOMENTE NA IMOBILIARIA                                                                                                                                                                   
0330001300065P 013402913004985711300498571  0000000000094512  10129          3009202300000000019550000000 04N24082023300000000000000000000000000000000000000000000000000000000000000000000000000000                         000101500           
0330001300066Q 012039064019000137MARIA L M PORTELA LTDA                  RUA DA CONCEI?  89                      CENTRO         28800000RIO BONITO     RJ0000000000000000                                        000000000000                   
0330001300067R 01000000000000000000000000                        230092023000000000001000                                                                                                                                                       
0330001300068S 011014APOS 7 DIAS DO VENCIMENTO SUJEITO A PROTESTO                                                                                                                                                                               
0330001300069S 011024AP?S O VENCIMENTO SER? COBRADO MULTA DE 10%                                                                                                                                                                                
0330001300070S 011034APOS O VENCIMENTO SOMENTE NA REDE BANCARIA                                                                                                                                                                                 
0330001300071S 011044NAO RECEBER 30 (TRINTA) DIAS APOS O VENCIMENTO                                                                                                                                                                             
0330001300072S 011054APOS  EXPIRADO O PRAZO DO BOLETO  SOMENTE NA IMOBILIARIA                                                                                                                                                                   
03300015         000074                                                                                                                                                                                                                         
03399999         000001000076                                                                                                                                                                                                                   
