03300000        1000000637950780340200003460134                         GEM IMOVEIS                   BANCO SANTANDER                         101042023      002673040                                                                          
03300011R01  030 1000000637950780                    340200003460134     GEM IMOVEIS                                                                                                   0000000001042023                                         
0330001300001P 013402901000776680100077668  0000000104965512  10523          0404202300000000017289000000 04N01042023300000000000000000000000000000000000000000000000000000000000000000000000000000                         000101500           
0330001300002Q 011000010763325791ADALTO JOSE BORGES                      RUA JOAO CARMO  109                     CENTRO         28800000RIO BONITO     RJ0000000000000000                                        000000000000                   
0330001300003R 01000000000000000000000000                        204042023000000000001000                                                                                                                                                       
0330001300004S 011014APOS 7 DIAS DO VENCIMENTO SUJEITO A PROTESTO                                                                                                                                                                               
0330001300005S 011024APOS O VENCIMENTO SERA COBRADO MULTA DE 10% E JUROS DE 1% A M                                                                                                                                                              
0330001300006S 011034APOS O VENCIMENTO SOMENTE NA REDE BANCARIA                                                                                                                                                                                 
0330001300007S 011044NAO RECEBER 30 (TRINTA) DIAS APOS O VENCIMENTO                                                                                                                                                                             
0330001300008S 011054APOS  EXPIRADO O PRAZO DO BOLETO  SOMENTE NA IMOBILIARIA                                                                                                                                                                   
0330001300009P 013402901000776680100077668  0000000104922512  10523          0504202300000000016974600000 04N01042023300000000000000000000000000000000000000000000000000000000000000000000000000000                         000101500           
0330001300010Q 011000010763325791ADALTO JOSE BORGES                      RUA JOAO CARMO  109                     CENTRO         28800000RIO BONITO     RJ0000000000000000                                        000000000000                   
0330001300011R 01000000000000000000000000                        205042023000000000001000                                                                                                                                                       
0330001300012S 011014APOS 7 DIAS DO VENCIMENTO SUJEITO A PROTESTO                                                                                                                                                                               
0330001300013S 011024APOS O VENCIMENTO SERA COBRADO MULTA DE 10% E JUROS DE 1% A M                                                                                                                                                              
0330001300014S 011034APOS O VENCIMENTO SOMENTE NA REDE BANCARIA                                                                                                                                                                                 
0330001300015S 011044NAO RECEBER 30 (TRINTA) DIAS APOS O VENCIMENTO                                                                                                                                                                             
0330001300016S 011054APOS  EXPIRADO O PRAZO DO BOLETO  SOMENTE NA IMOBILIARIA                                                                                                                                                                   
0330001300017P 013402901000776680100077668  0000000104930512  10520          0104202300000000013200000000 04N01042023300000000000000000000000000000000000000000000000000000000000000000000000000000                         000101500           
0330001300018Q 011000016451265799ALEXSANDER GOULARTE GONCALVES           RUA DRA  LIANE KLEINSORGEN BERNARDO SOARGREEN VALLEY   28800000RIO BONITO     RJ0000000000000000                                        000000000000                   
0330001300019R 01000000000000000000000000                        201042023000000000001000                                                                                                                                                       
0330001300020S 011014APOS 7 DIAS DO VENCIMENTO SUJEITO A PROTESTO                                                                                                                                                                               
0330001300021S 011024APOS O VENCIMENTO SERA COBRADO MULTA DE 10% E JUROS DE 1% A M                                                                                                                                                              
0330001300022S 011034APOS O VENCIMENTO SOMENTE NA REDE BANCARIA                                                                                                                                                                                 
0330001300023S 011044NAO RECEBER 30 (TRINTA) DIAS APOS O VENCIMENTO                                                                                                                                                                             
0330001300024S 011054APOS  EXPIRADO O PRAZO DO BOLETO  SOMENTE NA IMOBILIARIA                                                                                                                                                                   
0330001300025P 013402901000776680100077668  0000000104949512  10197          0204202300000000008400000000 04N01042023300000000000000000000000000000000000000000000000000000000000000000000000000000                         000101500           
0330001300026Q 011000012844715788FABIO VIANA DUARTE                      RUA XV DE NOVEMBRO  343 LOJA 17B        CENTRO         28800000RIO BONITO     RJ0000000000000000                                        000000000000                   
0330001300027R 01000000000000000000000000                        202042023000000000001000                                                                                                                                                       
0330001300028S 011014APOS 7 DIAS DO VENCIMENTO SUJEITO A PROTESTO                                                                                                                                                                               
0330001300029S 011024APOS O VENCIMENTO SERA COBRADO MULTA DE 10% E JUROS DE 1% A M                                                                                                                                                              
0330001300030S 011034APOS O VENCIMENTO SOMENTE NA REDE BANCARIA                                                                                                                                                                                 
0330001300031S 011044NAO RECEBER 30 (TRINTA) DIAS APOS O VENCIMENTO                                                                                                                                                                             
0330001300032S 011054APOS  EXPIRADO O PRAZO DO BOLETO  SOMENTE NA IMOBILIARIA                                                                                                                                                                   
0330001300033P 013402901000776680100077668  0000000104957512  10183          0304202300000000039200000000 04N01042023300000000000000000000000000000000000000000000000000000000000000000000000000000                         000101500           
0330001300034Q 012035157728000106IJD MAIA GUIMARAES FARMACIA             AVENIDA MANOEL DUARTE  509 LOJA 05      CENTRO         28800000RIO BONITO     RJ0000000000000000                                        000000000000                   
0330001300035R 01000000000000000000000000                        203042023000000000001000                                                                                                                                                       
0330001300036S 011014APOS 7 DIAS DO VENCIMENTO SUJEITO A PROTESTO                                                                                                                                                                               
0330001300037S 011024APOS O VENCIMENTO SERA COBRADO MULTA DE 10% E JUROS DE 1% A M                                                                                                                                                              
0330001300038S 011034APOS O VENCIMENTO SOMENTE NA REDE BANCARIA                                                                                                                                                                                 
0330001300039S 011044NAO RECEBER 30 (TRINTA) DIAS APOS O VENCIMENTO                                                                                                                                                                             
0330001300040S 011054APOS  EXPIRADO O PRAZO DO BOLETO  SOMENTE NA IMOBILIARIA                                                                                                                                                                   
03300015         000042                                                                                                                                                                                                                         
03399999         000001000044                                                                                                                                                                                                                   
