03300000        1000000637950780340200003460134                         GEM IMOVEIS                   BANCO SANTANDER                         125042023      002814040                                                                          
03300011R01  030 1000000637950780                    340200003460134     GEM IMOVEIS                                                                                                   0000000025042023                                         
0330001300001P 013402901000776680100077668  0000000305421512  10356          2504202300000000119829500000 04N25042023300000000000000000000000000000000000000000000000000000000000000000000000000000                         000101500           
0330001300002Q 012028707969000116PROGRESS LANGUAGE SCHOOL LTDA ME        RUA ADMARIO ALVES DE MENDONCA  94       CENTRO         28800000RIO BONITO     RJ0000000000000000                                        000000000000                   
0330001300003R 01000000000000000000000000                        225042023000000000001000                                                                                                                                                       
0330001300004S 011014APOS 7 DIAS DO VENCIMENTO SUJEITO A PROTESTO                                                                                                                                                                               
0330001300005S 011024APOS O VENCIMENTO SERA COBRADO MULTA DE 10% E JUROS DE 1% A M                                                                                                                                                              
0330001300006S 011034APOS O VENCIMENTO SOMENTE NA REDE BANCARIA                                                                                                                                                                                 
0330001300007S 011044NAO RECEBER 30 (TRINTA) DIAS APOS O VENCIMENTO                                                                                                                                                                             
0330001300008S 011054APOS  EXPIRADO O PRAZO DO BOLETO  SOMENTE NA IMOBILIARIA                                                                                                                                                                   
0330001300009P 013402901000776680100077668  0000000305430512  10356          2504202300000000117480000000 04N25042023300000000000000000000000000000000000000000000000000000000000000000000000000000                         000101500           
0330001300010Q 012028707969000116PROGRESS LANGUAGE SCHOOL LTDA ME        RUA ADMARIO ALVES DE MENDONCA  94       CENTRO         28800000RIO BONITO     RJ0000000000000000                                        000000000000                   
0330001300011R 01000000000000000000000000                        225042023000000000001000                                                                                                                                                       
0330001300012S 011014APOS 7 DIAS DO VENCIMENTO SUJEITO A PROTESTO                                                                                                                                                                               
0330001300013S 011024APOS O VENCIMENTO SERA COBRADO MULTA DE 10% E JUROS DE 1% A M                                                                                                                                                              
0330001300014S 011034APOS O VENCIMENTO SOMENTE NA REDE BANCARIA                                                                                                                                                                                 
0330001300015S 011044NAO RECEBER 30 (TRINTA) DIAS APOS O VENCIMENTO                                                                                                                                                                             
0330001300016S 011054APOS  EXPIRADO O PRAZO DO BOLETO  SOMENTE NA IMOBILIARIA                                                                                                                                                                   
03300015         000018                                                                                                                                                                                                                         
03399999         000001000020                                                                                                                                                                                                                   
