03300000        1000000637950780340200003460134                         GEM IMOVEIS                   BANCO SANTANDER                         110062023      002823040                                                                          
03300011R01  030 1000000637950780                    340200003460134     GEM IMOVEIS                                                                                                   0000000010062023                                         
0330001300001P 013402901000776680100077668  0000000306584512  10363          1506202300000000034300000000 04N10062023300000000000000000000000000000000000000000000000000000000000000000000000000000                         000101500           
0330001300002Q 011000011537774794ALVARO MACHADO BRAZIL NUNES             RUA ANTENOR MARMO  471 APTO 501         CENTRO         28800000RIO BONITO     RJ0000000000000000                                        000000000000                   
0330001300003R 01000000000000000000000000                        215062023000000000001000                                                                                                                                                       
0330001300004S 011014APOS 7 DIAS DO VENCIMENTO SUJEITO A PROTESTO                                                                                                                                                                               
0330001300005S 011024APOS O VENCIMENTO SERA COBRADO MULTA DE 10% E JUROS DE 1% A M                                                                                                                                                              
0330001300006S 011034APOS O VENCIMENTO SOMENTE NA REDE BANCARIA                                                                                                                                                                                 
0330001300007S 011044NAO RECEBER 30 (TRINTA) DIAS APOS O VENCIMENTO                                                                                                                                                                             
0330001300008S 011054APOS  EXPIRADO O PRAZO DO BOLETO  SOMENTE NA IMOBILIARIA                                                                                                                                                                   
0330001300009P 013402901000776680100077668  0000000306592512  10390          2006202300000000015000000000 04N10062023300000000000000000000000000000000000000000000000000000000000000000000000000000                         000101500           
0330001300010Q 011000068913087715CLETO DE SOUZA MACHADO                  RUA OSWALDO CRUZ  131 APTO 101          CENTRO         28800000RIO BONITO     RJ0000000000000000                                        000000000000                   
0330001300011R 01000000000000000000000000                        220062023000000000001000                                                                                                                                                       
0330001300012S 011014APOS 7 DIAS DO VENCIMENTO SUJEITO A PROTESTO                                                                                                                                                                               
0330001300013S 011024APOS O VENCIMENTO SERA COBRADO MULTA DE 10% E JUROS DE 1% A M                                                                                                                                                              
0330001300014S 011034APOS O VENCIMENTO SOMENTE NA REDE BANCARIA                                                                                                                                                                                 
0330001300015S 011044NAO RECEBER 30 (TRINTA) DIAS APOS O VENCIMENTO                                                                                                                                                                             
0330001300016S 011054APOS  EXPIRADO O PRAZO DO BOLETO  SOMENTE NA IMOBILIARIA                                                                                                                                                                   
03300015         000018                                                                                                                                                                                                                         
03399999         000001000020                                                                                                                                                                                                                   
