03300000        1000000637950780340200003460134                         GEM IMOVEIS                   BANCO SANTANDER                         129062022      002572040                                                                          
03300011R01  030 1000000637950780                    340200003460134     GEM IMOVEIS                                                                                                   0000000029062022                                         
0330001300001P 013402901000776680100077668  0000000101729512  10126          3006202200000000013630600000 04N29062022300000000000000000000000000000000000000000000000000000000000000000000000000000                         000101500           
0330001300002Q 012035792183000100SINDICATO DOS SERVIDORES FEDERAIS DO ESTRUA XV DE NOVEMBRO  242 SALA 204        CENTRO         28800000RIO BONITO     RJ0000000000000000                                        000000000000                   
0330001300003R 01000000000000000000000000                        230062022000000000001000                                                                                                                                                       
0330001300004S 011014APOS 7 DIAS DO VENCIMENTO SUJEITO A PROTESTO                                                                                                                                                                               
0330001300005S 011024APOS O VENCIMENTO SERA COBRADO MULTA DE 10% E JUROS DE 1% A M                                                                                                                                                              
0330001300006S 011034APOS O VENCIMENTO SOMENTE NA REDE BANCARIA                                                                                                                                                                                 
0330001300007S 011044NAO RECEBER 30 (TRINTA) DIAS APOS O VENCIMENTO                                                                                                                                                                             
0330001300008S 011054APOS  EXPIRADO O PRAZO DO BOLETO  SOMENTE NA IMOBILIARIA                                                                                                                                                                   
03300015         000010                                                                                                                                                                                                                         
03399999         000001000012                                                                                                                                                                                                                   
