03300000        1000000637950780340200003460134                         GEM IMOVEIS                   BANCO SANTANDER                         112062023      002836040                                                                          
03300011R01  030 1000000637950780                    340200003460134     GEM IMOVEIS                                                                                                   0000000012062023                                         
0330001300001P 013402901000776680100077668  0000000306720512  10636          1206202300000000000100000000 04N12062023300000000000000000000000000000000000000000000000000000000000000000000000000000                         000101500           
0330001300002Q 011000011395469709SUELEN VARELA DA SILVA                  RUA RODRIGUES COELHO  15 APTO 203       CENTRO         28800000RIO BONITO     RJ0000000000000000                                        000000000000                   
0330001300003R 01000000000000000000000000                        212062023000000000001000                                                                                                                                                       
0330001300004S 011014AP?S 7 DIAS DO VENCIMENTO SUJEITO A PROTESTO                                                                                                                                                                               
0330001300005S 011024AP?S O VENCIMENTO SER? COBRADO MULTA DE 10% E JUROS DE 1% A M                                                                                                                                                              
0330001300006S 011034AP?S O VENCIMENTO SOMENTE NA REDE BANC?RIA                                                                                                                                                                                 
0330001300007S 011044N?O RECEBER 30 (TRINTA) DIAS AP?S O VENCIMENTO                                                                                                                                                                             
0330001300008S 011054AP?S  EXPIRADO O PRAZO DO BOLETO  SOMENTE NA IMOBILIARIA                                                                                                                                                                   
03300015         000010                                                                                                                                                                                                                         
03399999         000001000012                                                                                                                                                                                                                   
