34100000         240084773000118                    07686 000000099886 0JAL SANTOS ADMINISTRACAO DE IMBANCO ITAU S.A.                         208052023033044000143040                                                                          
34100011T0100030 2040084773000118                    07686 000000099886 0JAL SANTOS ADMINISTRACAO DE IM                                                                                000001430805202309052023                                 
3410001300001T 0907686000000009988600109000007905        010891          06042023000000000073818000077881                         000000000000000000GRAZIELA AZEVEDO DA CONCEICAO           000000000000000000000000000000000                   
3410001300002U 090000000000000000000000000000000000000000000000000000000000000000000000000000000000000000000000000000000000000000000000000805202300000000000000000000000000000000000                              00000000000000000000000       
3410001300003T 0607686000000009988600109000008317        010668          12042023000000000075760033034050                         000000000000000000JOSE MARCOS SANTOS DA SILVA             000000000000000000000000000000000B3                 
3410001300004U 060000000000082260000000000000000000000000000000000000000000000000000000839860000000000839860000000000000000000000000000000805202309052023000000000000000000000000000                              00000000000000000000000       
3410001300005T 0607686000000009988600109000008721        010834          26042023000000000145743104001940                         000000000000000000LEILA TEIXEIRA DE SIQUEIRA              000000000000000000000000000000000B3                 
3410001300006U 060000000000151500000000000000000000000000000000000000000000000000000001608930000000001608930000000000000000000000000000000805202309052023000000000000000000000000000                              00000000000000000000000       
3410001300007T 0607686000000009988600109000009083        010926          09052023000000000111529260000010                         000000000000000000JEFERSON BRIVES OLIVEIRA E OUT          000000000000000000000000000000000B3                 
3410001300008U 060000000000000000000000000000000000000000000000000000000000000000000001115290000000001115290000000000000000000000000000000805202309052023000000000000000000000000000                              00000000000000000000000       
3410001300009T 0607686000000009988600109000009141        010894          06052023000000000135761077000010                         000000000000000000AMILTON CLAUDIO CUSTODIO FILHO          000000000000000000000000000000000B3                 
3410001300010U 060000000000000000000000000000000000000000000000000000000000000000000001357610000000001357610000000000000000000000000000000805202309052023000000000000000000000000000                              00000000000000000000000       
3410001300011T 0607686000000009988600109000009158        010891          06052023000000000073818104046701                         000000000000000000GRAZIELA AZEVEDO DA CONCEICAO           000000000000000000000000000000000B5                 
3410001300012U 060000000000000000000000000000000000000000000000000000000000000000000000738180000000000738180000000000000000000000000000000805202309052023000000000000000000000000000                              00000000000000000000000       
3410001300013T 0607686000000009988600109000009208        010893          10052023000000000113214341061488                         000000000000000000MARCIO RIBEIRO ANDRE                    000000000000000000000000000000000BL                 
3410001300014U 060000000000000000000000000000000000000000000000000000000000000000000001132140000000001132140000000000000000000000000000000805202309052023000000000000000000000000000                              00000000000000000000000       
3410001300015T 0607686000000009988600109000009232        010890          10052023000000000010800318000492                         000000000000000000RAIMUNDO DE MORAIS LIMA NETO            000000000000000000000000000000000B1                 
3410001300016U 060000000000000000000000000000000000000000000000000000000000000000000000108000000000000108000000000000000000000000000000000805202309052023000000000000000000000000000                              00000000000000000000000       
3410001300017T 0607686000000009988600109000009257        010921          10052023000000000157774341060772                         000000000000000000WITALO DE SANTANA JESUS                 000000000000000000000000000000000BL                 
3410001300018U 060000000000000000000000000000000000000000000000000000000000000000000001577740000000001577740000000000000000000000000000000805202309052023000000000000000000000000000                              00000000000000000000000       
3410001300019T 0207686000000009988600109000009505        010248          08052023000000000244345000013065                         000000000000000000LEILIANA CANUTO DE AMARAL SILV          000000000000000000000000000000000                   
3410001300020U 020000000000000000000000000000000000000000000000000000000000000000000000000000000000000000000000000000000000000000000000000805202300000000000000000000000000000000000                              00000000000000000000000       
3410001300021T 0607686000000009988600109000009505        010248          08052023000000000244345341013065                         000000000000000000LEILIANA CANUTO DE AMARAL SILV          000000000000000000000000000000000BL                 
3410001300022U 060000000000000000000000000000000000000000000000000000000000000000000002443450000000002443450000000000000000000000000000000805202309052023000000000000000000000000000                              00000000000000000000000       
3410001300023T 0207686000000009988600109000009513        010593          08052023000000000303186000013065                         000000000000000000NORIVAL DE OLIVEIRA                     000000000000000000000000000000000                   
3410001300024U 020000000000000000000000000000000000000000000000000000000000000000000000000000000000000000000000000000000000000000000000000805202300000000000000000000000000000000000                              00000000000000000000000       
3410001300025T 0607686000000009988600109000009513        010593          08052023000000000303186341007209                         000000000000000000NORIVAL DE OLIVEIRA                     000000000000000000000000000000000BL                 
3410001300026U 060000000000000000000000000000000000000000000000000000000000000000000003031860000000003031860000000000000000000000000000000805202309052023000000000000000000000000000                              00000000000000000000000       
3410001300027T 0207686000000009988600109000009521        010916          09052023000000000171657000045674                         000000000000000000JONATHAN PAUL DOS REIS TIPLADY          000000000000000000000000000000000                   
3410001300028U 020000000000000000000000000000000000000000000000000000000000000000000000000000000000000000000000000000000000000000000000000805202300000000000000000000000000000000000                              00000000000000000000000       
34100015         00003000003200000000004071695000000000000000000000000000000000000000000000000000000000000000000000MT09/05S                                                                                                                     
34199999         000001000032                                                                                                                                                                                                                   
